@article{2017arXiv171004019C,
  author = {{Chazal}, F. and {Michel}, B.},
  title = "{An introduction to Topological Data Analysis: fundamental and 
  practical aspects for data scientists}",
  journal = {ArXiv e-prints},
  archivePrefix = "arXiv",
  eprint = {1710.04019},
  primaryClass = "math.ST",
  keywords = {Mathematics - Statistics Theory, Computer Science - Learning, 
  Mathematics - Algebraic Topology, Statistics - Machine Learning},
  year = 2017,
  month = oct,
  adsurl = {http://adsabs.harvard.edu/abs/2017arXiv171004019C},
  adsnote = {Provided by the SAO/NASA Astrophysics Data System}
  }

@book{edelsbrunner2010computational,
  title={Computational topology: an introduction},
  author={Edelsbrunner, Herbert and Harer, John},
  year={2010},
  publisher={American Mathematical Soc.}
  }

@book{munkres2000topology,
  title={Topology},
  author={Munkres, James R},
  year={2000},
  publisher={Prentice Hall}
  }

@book{hatcher2002algebraictopology, 
  place={Cambridge},
  title={Algebraic Topology},
  publisher={Cambridge University Press},
  author={Hatcher, Allen},
  year={2002}
  }

@article{Kurlin2015PointCloud,
  author = {Vitaliy Kurlin},
  title = {A one-dimensional homologically persistent skeleton of an 	
  unstructured point cloud in any metric space},
  journal = {Computer Graphics Forum},
  volume = {34},
  number = {5},
  pages = {253-262},
  keywords = {Categories and Subject Descriptors (according to ACM CCS),
  I.5.1 Pattern Recognition: Models—Structural},
  doi = {10.1111/cgf.12713},
  url = {https://onlinelibrary.wiley.com/doi/abs/10.1111/cgf.12713},
  eprint = {https://onlinelibrary.wiley.com/doi/pdf/10.1111/cgf.12713}
  }

@misc{keppler-mapper,
  author       = {Hendrik {Jacob van Veen}, and Nathaniel {Saul}},
  title        = {KeplerMapper},
  howpublished = {http://doi.org/10.5281/zenodo.1054444},
  month        = {Nov},
  year         = {2017}
  }
  
@article{weights,
  author = {{Carstens}, C.J. and {Horadam}, K.J},
  title = "{Persistent Homology of Collaboration Networks}",
  journal = {Mathematical Problems in Engineering},
  volume = {2013},
  number = {815035},
  pages = {2-3},
  month = {April},
  year = {2013},
  publisher = {Hindawi Publishing Coprporation}
  }
  
@article{lum2013extractinginsights,
title = {Extracting insights from the shape of complex data using topology},
keywords = "Breast-cancer, Carcinomas, Survival, Predict",
author = "Lum, {P. Y.} and G. Singh and A. Lehman and T. Ishkanov and M. Alagappan and J. Carlsson and G. Carlsson and {Vejdemo Johansson}, {Mikael Vilhelm}",
year = "2013",
month = "2",
day = "7",
doi = "10.1038/srep01236",
language = "English",
volume = "3",
journal = "Scientific Reports",
issn = "2045-2322",
publisher = "Nature publishing group"
}

@article{originalmapper,
  author = {G. Singh and F. M\'emoli and G. Carlsson},
  title = {Topological Methods for the Analysis of Hbigh Dimensional
Data Sets and 3D Object Recognition},
  journal = {Eurographics Symposium on Point-Based Graphics},
  year = {2007}
  }
  
@article{kyeong_kim_kim_2017, title={Novel subgroups of attention-deficit/hyperactivity disorder identified by topological data analysis and their functional network modular organizations}, volume={12}, DOI={10.1371/journal.pone.0182603}, number={8}, journal={Plos One}, author={Kyeong, Sunghyon and Kim, Jae-Jin and Kim, Eunjoo}, year={2017}}

@ARTICLE{rucco2014embolism,
   author = {{Rucco}, M. and {Falsetti}, L. and {Herman}, D. and {Petrossian}, T. and 
	{Merelli}, E. and {Nitti}, C. and {Salvi}, A.},
    title = "{Using Topological Data Analysis for diagnosis pulmonary embolism}",
  journal = {ArXiv e-prints},
archivePrefix = "arXiv",
   eprint = {1409.5020},
 primaryClass = "physics.med-ph",
 keywords = {Physics - Medical Physics, Quantitative Biology - Quantitative Methods, J.2, J.3},
     year = 2014,
    month = sep,
   adsurl = {http://adsabs.harvard.edu/abs/2014arXiv1409.5020R},
  adsnote = {Provided by the SAO/NASA Astrophysics Data System}
}
@article{yao_sun_huang_bowman_singh_lesnick_guibas_pande_carlsson_2009, title={Topological methods for exploring low-density states in biomolecular folding pathways}, volume={130}, DOI={10.1063/1.3103496}, number={14}, journal={The Journal of Chemical Physics}, author={Yao, Yuan and Sun, Jian and Huang, Xuhui and Bowman, Gregory R. and Singh, Gurjeet and Lesnick, Michael and Guibas, Leonidas J. and Pande, Vijay S. and Carlsson, Gunnar}, year={2009}, pages={144115}}
@article{nielson_paquette_2015, title={Topological data analysis for discovery in preclinical spinal cord injury and traumatic brain injury}, volume={6}, DOI={10.1038/ncomms9581}, number={1}, journal={Nature Communications}, author={Nielson, Jessica L. and Paquette, Jesse and Liu, Aiwen W. and Guandique, Cristian F. and Tovar, C. Amy and Inoue, Tomoo and Irvine, Karen-Amanda and Gensel, John C. and Kloke, Jennifer and Petrossian, Tanya C. and et al.}, year={2015}}
@article {Nicolau7265,
	author = {Nicolau, Monica and Levine, Arnold J. and Carlsson, Gunnar},
	title = {Topology based data analysis identifies a subgroup of breast cancers with a unique mutational profile and excellent survival},
	volume = {108},
	number = {17},
	pages = {7265--7270},
	year = {2011},
	doi = {10.1073/pnas.1102826108},
	publisher = {National Academy of Sciences},
	issn = {0027-8424},
	URL = {http://www.pnas.org/content/108/17/7265},
	eprint = {http://www.pnas.org/content/108/17/7265.full.pdf},
	journal = {Proceedings of the National Academy of Sciences}
}
@article{li_cheng_glicksberg_gottesman_tamler_chen_bottinger_dudley_2015, title={Identification of type 2 diabetes subgroups through topological analysis of patient similarity}, volume={7}, DOI={10.1126/scitranslmed.aaa9364}, number={311}, journal={Science Translational Medicine}, author={Li, Li and Cheng, Wei-Yi and Glicksberg, Benjamin S. and Gottesman, Omri and Tamler, Ronald and Chen, Rong and Bottinger, Erwin P. and Dudley, Joel T.}, year={2015}}

@article{rizvi_camara_kandror_roberts_schieren_maniatis_rabadan_2017, title={Single-cell topological RNA-seq analysis reveals insights into cellular differentiation and development}, volume={35}, DOI={10.1038/nbt.3854}, number={6}, journal={Nature Biotechnology}, author={Rizvi, Abbas H and Camara, Pablo G and Kandror, Elena K and Roberts, Thomas J and Schieren, Ira and Maniatis, Tom and Rabadan, Raul}, year={2017}, month={Jan}, pages={551–560}}
@article{cámara_levine_rabadán_2016, title={Inference of Ancestral Recombination Graphs through Topological Data Analysis}, volume={12}, DOI={10.1371/journal.pcbi.1005071}, number={8}, journal={PLOS Computational Biology}, author={Cámara, Pablo G. and Levine, Arnold J. and Rabadán, Raúl}, year={2016}}
@article{guo2017manu,
title = "Identification of key features using topological data analysis for accurate prediction of manufacturing system outputs",
journal = "Journal of Manufacturing Systems",
volume = "43",
pages = "225 - 234",
year = "2017",
note = "High Performance Computing and Data Analytics for Cyber Manufacturing",
issn = "0278-6125",
doi = "https://doi.org/10.1016/j.jmsy.2017.02.015",
url = "http://www.sciencedirect.com/science/article/pii/S0278612517300286",
author = "Wei Guo and Ashis G. Banerjee",
keywords = "Topological data analysis, Feature selection, Yield prediction, Fault detection"
}
@article{Machacon_Herchel_Thaddeus2016,
  title={A Topological Data Analysis Approach to Visualizing Ebola Tweets},
  author={Machacon Herchel Thaddeus},
  journal={Japan Journal of Medical Informatics},
  volume={36},
  number={5},
  pages={253-269},
  year={2016},
  doi={10.14948/jami.36.253}
}
@article{zhu2013language,
author = {Zhu, Xiaojin},
year = {2013},
month = {08},
pages = {1953-1959},
title = {Persistent homology: An introduction and a new text representation for natural language processing},
booktitle = {IJCAI International Joint Conference on Artificial Intelligence}
}
@article{Kmodes_paper,
author = {Huang, Zhexue},
year = {1998},
month = {09},
pages = {},
title = {A Fast Clustering Algorithm to Cluster Very Large Categorical Data Sets in Data Mining},
booktitle = {Proceedings of the SIGMOD Workshop on Research Issues on Data Mining and Knowledge Discovery}
}
@ARTICLE{2013PLoSO...866506P,
   author = {{Petri}, G. and {Scolamiero}, M. and {Donato}, I. and {Vaccarino}, F.
	},
    title = "{Topological Strata of Weighted Complex Networks}",
  journal = {PLoS ONE},
archivePrefix = "arXiv",
   eprint = {1301.6498},
 primaryClass = "cond-mat.stat-mech",
     year = 2013,
    month = jun,
   volume = 8,
    pages = {e66506},
      doi = {10.1371/journal.pone.0066506},
   adsurl = {http://adsabs.harvard.edu/abs/2013PLoSO...866506P},
  adsnote = {Provided by the SAO/NASA Astrophysics Data System}
}
@article{bendich_marron_miller_pieloch_skwerer_2016, title={Persistent homology analysis of brain artery trees}, volume={10}, DOI={10.1214/15-aoas886}, number={1}, journal={The Annals of Applied Statistics}, author={Bendich, Paul and Marron, J. S. and Miller, Ezra and Pieloch, Alex and Skwerer, Sean}, year={2016}, pages={198–218}}
@Misc{Kmodes_Algorithm,
  author =    {Nico de Vos},
  title =     {{Kmodes}: Python implementations of the k-modes and k-prototypes clustering algorithms.},
  year =      {2016--},
  url = "ython implementations of the k-modes and k-prototypes clustering algorithms.",
  note = {[Online; accessed <today>]}
}


@ARTICLE{2018arXiv180300384C,
   author = {{Carlsson}, L. and {Carlsson}, G. and {Vejdemo-Johansson}, M.
	},
    title = "{Fibres of Failure: Classifying errors in predictive processes}",
  journal = {ArXiv e-prints},
archivePrefix = "arXiv",
   eprint = {1803.00384},
 primaryClass = "cs.CV",
 keywords = {Computer Science - Computer Vision and Pattern Recognition, Computer Science - Discrete Mathematics, Mathematics - Algebraic Topology},
     year = 2018,
    month = feb,
   adsurl = {http://adsabs.harvard.edu/abs/2018arXiv180300384C},
  adsnote = {Provided by the SAO/NASA Astrophysics Data System}
}
@ARTICLE{2016arXiv160501905C,
   author = {{Curto}, C.},
    title = "{What can topology tell us about the neural code?}",
  journal = {ArXiv e-prints},
archivePrefix = "arXiv",
   eprint = {1605.01905},
 primaryClass = "q-bio.NC",
 keywords = {Quantitative Biology - Neurons and Cognition},
     year = 2016,
    month = may,
   adsurl = {http://adsabs.harvard.edu/abs/2016arXiv160501905C},
  adsnote = {Provided by the SAO/NASA Astrophysics Data System}
}
@Article{Edelsbrunner2002,
author="Edelsbrunner
and Letscher
and Zomorodian",
title="Topological Persistence and Simplification",
journal="Discrete {\&} Computational Geometry",
year="2002",
month="Nov",
day="01",
volume="28",
number="4",
pages="511--533",
issn="1432-0444",
doi="10.1007/s00454-002-2885-2",
url="https://doi.org/10.1007/s00454-002-2885-2"
}
@Article{Zomorodian2005,
author="Zomorodian, Afra
and Carlsson, Gunnar",
title="Computing Persistent Homology",
journal="Discrete {\&} Computational Geometry",
year="2005",
month="Feb",
day="01",
volume="33",
number="2",
pages="249--274",
issn="1432-0444",
doi="10.1007/s00454-004-1146-y",
url="https://doi.org/10.1007/s00454-004-1146-y"
}
@article{ghrist2007barcodes, title={Barcodes: The persistent topology of data}, volume={45}, DOI={10.1090/s0273-0979-07-01191-3}, number={01}, journal={Bulletin of the American Mathematical Society}, author={Ghrist, Robert}, year={2007}, pages={61–76}}

@book{ghrist2014elementaryappliedtopology, place={S. l.}, title={Elementary applied topology}, publisher={CreateSpace}, author={Ghrist, Robert W.}, year={2014}}

@Article{Edelsbrunner2002persistentdiagram,
author="Edelsbrunner
and Letscher
and Zomorodian",
title="Topological Persistence and Simplification",
journal="Discrete {\&} Computational Geometry",
year="2002",
month="Nov",
day="01",
volume="28",
number="4",
pages="511--533",
issn="1432-0444",
doi="10.1007/s00454-002-2885-2",
url="https://doi.org/10.1007/s00454-002-2885-2"
}
@inproceedings{Javaplex,
     author = {Tausz, Andrew and Vejdemo-Johansson, Mikael and Adams, Henry},
     title = {Java{P}lex: {A} research software package for persistent (co)homology},
     booktitle = {Proceedings of ICMS 2014},
     editor = {Hong, Han and Yap, Chee},
     series = {Lecture Notes in Computer Science 8592}, 
     year = {2014},
     pages = {129-136},
     note = {Software available at \url{http://appliedtopology.github.io/javaplex/}}
}
@misc{metdata,
  title = {The Metropolitan Museum of Art's Open Access Initiative},
  howpublished = {\url{https://github.com/metmuseum/openaccess}},
  note = {Accessed: 6/25/2018}
}

@ARTICLE{lev_1966_distance,
   author = {{Levenshtein}, V.~I.},
    title = "{Binary Codes Capable of Correcting Deletions, Insertions and Reversals}",
  journal = {Soviet Physics Doklady},
     year = 1966,
    month = feb,
   volume = 10,
    pages = {707},
   adsurl = {http://adsabs.harvard.edu/abs/1966SPhD...10..707L},
  adsnote = {Provided by the SAO/NASA Astrophysics Data System}
}

@ARTICLE{kraft2016thesis,
   author = {Kraft, Rami},
    title = "{Illustrations of Data Analysis
Using the Mapper Algorithm and
Persistent Homology}",
     year = 2016,
   url = {http://www.diva-portal.org/smash/get/diva2:900997/FULLTEXT01.pdf}
}

@book{BorgGroenen2005,
  added-at = {2008-01-07T11:06:22.000+0100},
  author = {Borg, I. and Groenen, P.J.F.},
  biburl = {https://www.bibsonomy.org/bibtex/2b9360235f054e3b2ff0e4b4a0c63b4eb/tmalsburg},
  interhash = {43d65ae9bb296e8b9f145d6b685c94fc},
  intrahash = {b9360235f054e3b2ff0e4b4a0c63b4eb},
  keywords = {dimensionalityreduction mds method statistics},
  publisher = {Springer},
  timestamp = {2008-01-07T11:06:22.000+0100},
  title = {{Modern Multidimensional Scaling: Theory and Applications}},
  year = 2005
}
@inproceedings{dbscan,
 author = {Ester, Martin and Kriegel, Hans-Peter and Sander, J\"{o}rg and Xu, Xiaowei},
 title = {A Density-based Algorithm for Discovering Clusters a Density-based Algorithm for Discovering Clusters in Large Spatial Databases with Noise},
 booktitle = {Proceedings of the Second International Conference on Knowledge Discovery and Data Mining},
 series = {KDD'96},
 year = {1996},
 location = {Portland, Oregon},
 pages = {226--231},
 numpages = {6},
 url = {http://dl.acm.org/citation.cfm?id=3001460.3001507},
 acmid = {3001507},
 publisher = {AAAI Press},
 keywords = {arbitrary shape of clusters, clustering algorithms, efficiency on large spatial databases, handling nlj4-275oise},
} 
@article{scikit-learn,
 title={Scikit-learn: Machine Learning in {P}ython},
 author={Pedregosa, F. and Varoquaux, G. and Gramfort, A. and Michel, V.
         and Thirion, B. and Grisel, O. and Blondel, M. and Prettenhofer, P.
         and Weiss, R. and Dubourg, V. and Vanderplas, J. and Passos, A. and
         Cournapeau, D. and Brucher, M. and Perrot, M. and Duchesnay, E.},
 journal={Journal of Machine Learning Research},
 volume={12},
 pages={2825--2830},
 year={2011}
}
@Misc{scipy,
  author =    {Eric Jones and Travis Oliphant and Pearu Peterson and others},
  title =     {{SciPy}: Open source scientific tools for {Python}},
  year =      {2001--},
  url = "http://www.scipy.org/",
  note = {[Online; accessed <today>]}
}
@Misc{pandas,
  title =     {{Pandas}: Flexible and powerful data analysis / manipulation library for {Python}, providing labeled data structures similar to R data.frame objects, statistical functions, and much more },
  url = "https://github.com/pandas-dev/pandas",
  note = {[Online; accessed <today>]}
}
@Misc{StatsModels,
  author = {Josef Perktold, Skipper Seabold, Jonathan Taylor},
  title = {{statsmodels}: statsmodels is a Python module that provides classes and functions for the estimation of many different statistical models, as well as for conducting statistical tests, and statistical data exploration.},
  url = "http://www.statsmodels.org/devel/",
  note = {[Online; accessed <today>]}
}

@Misc{Dionysus,
  author =    {Dmitriy Morozov},
  title =     {{Dionysus}: Dionysus is a C++ library for computing persistent homology},
  url = "http://www.mrzv.org/software/dionysus/",
  note = {[Online; accessed <today>]}
}

@Misc{Ripser,
  author =    {Ulrich Bauer},
  title =     {{Ripser}:a lean C++ code for the computation of Vietoris–Rips persistence barcodes},
  year =      {2016},
  url = "https://github.com/Ripser/ripser",
  note = {[Online; accessed <today>]}
}

@Misc{arXivAPI,
  author =    {arXiv-api group},
  title =     {arXiv API},
  url = "https://arxiv.org/help/api/index",
  note = {[Online; accessed <today>]}
}
@Misc{proportiontest,
  author =    {PennState},
  title =     {Comparing Two Proportions},
  url = "https://onlinecourses.science.psu.edu/stat414/node/268/",
  note = {[Online; accessed <today>]}
}
@article{jaccard,
 title={Distribution de la flore alpine dans le bassin des Dranses et dans quelques régions voisines},
 author={Jaccard, P.},
 journal={Bulletin de la Société Vaudoise des Sciences Naturelles},
 volume={37},
 pages={241-272},
 year={1901}
}
